@MISC{epam_2016, 
   author = {Epam Systems}, 
   title = {Company profile [Электронный ресурс]}, 
   howpublished = {Электронные данные}, 
   note = {Режим доступа: https://www.epam.com/about/company}, 
   address = {41 University Drive Suite 202 Newtown, PA 18940, USA}, 
   language = {english}, 
   owner = {vysotski.vadim}, 
   timestamp = {2016.03.13} 
}


@BOOK{richter_2012_en,
  title = {CLR via C\#},
  publisher = {Microsoft Press},
  year = {2012},
  author = {Jeffrey Richter},
  pages = {896},
  series = {Microsoft, Developer Reference},
  address = {One Microsoft Way, Redmond, Washington 98052-6399},
  edition = {4-th},
  isbn = {0735667454,9780735667457},
  owner = {mstyura},
  timestamp = {2013.03.20}
}